@inproceedings{Attiya:2011:LOE:1926385.1926442,
 author = {Attiya, Hagit and Guerraoui, Rachid and Hendler, Danny and Kuznetsov, Petr and Michael, Maged M. and Vechev, Martin},
 title = {Laws of order: expensive synchronization in concurrent algorithms cannot be eliminated},
 booktitle = {Proceedings of the 38th annual ACM SIGPLAN-SIGACT symposium on Principles of programming languages},
 series = {POPL '11},
 year = {2011},
 isbn = {978-1-4503-0490-0},
 location = {Austin, Texas, USA},
 pages = {487--498},
 numpages = {12},
 url = {http://doi.acm.org/10.1145/1926385.1926442},
 doi = {http://doi.acm.org/10.1145/1926385.1926442},
 acmid = {1926442},
 publisher = {ACM},
 address = {New York, NY, USA},
 keywords = {algorithms, concurrency, lower bounds, memory barriers, memory fences},
} 

@Misc{mckenney11:_concur,
  author = 	 {Paul McKenney},
  title = 	 {Concurrent code and expensive instructions},
  howpublished = {Linux Weekly News, \url{http://lwn.net/Articles/423994/}},
  month = 	 {January},
  year = 	 2011}

