@article{Ayguade:2009:DOT:1512157.1512430,
 author = {Ayguad\'{e}, Eduard and Copty, Nawal and Duran, Alejandro and Hoeflinger, Jay and Lin, Yuan and Massaioli, Federico and Teruel, Xavier and Unnikrishnan, Priya and Zhang, Guansong},
 title = {The Design of {OpenMP} Tasks},
 journal = {IEEE Trans. Parallel Distrib. Syst.},
 volume = {20},
 issue = {3},
 month = {March},
 year = {2009},
 issn = {1045-9219},
 pages = {404--418},
 numpages = {15},
 url = {http://portal.acm.org/citation.cfm?id=1512157.1512430},
 doi = {10.1109/TPDS.2008.105},
 acmid = {1512430},
 publisher = {IEEE Press},
 address = {Piscataway, NJ, USA},
 keywords = {Concurrent, distributed, and parallel languages, Concurrent Programming, Concurrent programming structures},
} 
