@inproceedings{Cantrill:2004:DIP:1247415.1247417,
 author = {Cantrill, Bryan M. and Shapiro, Michael W. and Leventhal, Adam H.},
 title = {Dynamic instrumentation of production systems},
 booktitle = {Proceedings of the annual conference on USENIX Annual Technical Conference},
 series = {ATEC '04},
 year = {2004},
 location = {Boston, MA},
 pages = {15--28},
 url = {http://portal.acm.org/citation.cfm?id=1247415.1247417},
 acmid = {1247417},
 publisher = {USENIX Association},
 address = {Berkeley, CA, USA},
} 
