@InProceedings{Rinard:2010:PSA:1932682.1869525,
 author = {Rinard, Martin and Hoffmann, Henry and Misailovic, Sasa and Sidiroglou, Stelios},
 title = {Patterns and statistical analysis for understanding reduced resource computing},
 booktitle = {Proceedings of Onward! 2010},
 month = {October},
 year = {2010},
 pages = {806--821},
 numpages = {16},
 url = {http://doi.acm.org/10.1145/1932682.1869525},
 doi = {http://doi.acm.org/10.1145/1932682.1869525},
 acmid = {1869525},
 publisher = {ACM},
 address = {Reno/Tahoe, NV, USA},
 keywords = {cyclic memory allocation, discarding tasks, loop perforation, reduced resource computing, statistical analysis},
} 


@InProceedings{Rinard:2007:EarlyPhaseTermination,
  author = 	 {Martin Rinard},
  title = 	 {Using Early Phase Termination to Eliminate Load Imbalances at Barrier Synchronization Points},
  booktitle = {Proceedings of OOPSLA 2007},
  pages = 	 {369--386},
  year = 	 2007,
  month =        {October},
  address = 	 {Montreal, Quebec, Canada}}

@TechReport{hoffmann09:_using_code_perfor_improv_perfor,
  author = 	 {Henry Hoffmann and Sasa Misailovic and Stelios Sidiroglou and Anant Agarwal and Martin Rinard},
  title = 	 {Using Code Perforation to Improve Performance, Reduce Energy Consumption, and Respond to Failures},
  institution =  {MIT CSAIL},
  year = 	 2009,
  number = 	 {MIT-CSAIL-TR-2009-042},
  address = 	 {Cambridge, MA},
  month = 	 {September}}

